<?xml version="1.0" encoding="UTF-8" ?>
<collection xmlns:xsi="http://www.w3.org/2001/XMLSchema-instance"
    xsi:schemaLocation="http://www.loc.gov/MARC21/slim
        http://www.loc.gov/standards/marcxml/schema/MARC21slim.xsd"
    xmlns="http://www.loc.gov/MARC21/slim">
<record>
  <leader>00277cam a2200541 i 4500</leader>
  <controlfield tag="001">b12479640</controlfield>
  <controlfield tag="003">LeBAU</controlfield>
  <controlfield tag="005">20190807</controlfield>
  <controlfield tag="008">970607s1953    iq ac           0   ara d</controlfield>
  <datafield tag="035" ind1=" " ind2=" ">
    <subfield code="a">ocn784339077</subfield>
  </datafield>
  <datafield tag="040" ind1=" " ind2=" ">
    <subfield code="a">LEAUB</subfield>
    <subfield code="b">ara</subfield>
    <subfield code="e">rda</subfield>
    <subfield code="c">LEAUB</subfield>
    <subfield code="d">LEAUB</subfield>
  </datafield>
  <datafield tag="082" ind1="0" ind2="4">
    <subfield code="a">349.297</subfield>
    <subfield code="2">20</subfield>
  </datafield>
  <datafield tag="100" ind1="1" ind2=" ">
    <subfield code="6">880-01</subfield>
    <subfield code="a">ʻAlī ibn Abī Ṭālib,</subfield>
    <subfield code="c">Caliph,</subfield>
    <subfield code="d">approximately 600-661.</subfield>
    <subfield code="e">author.</subfield>
    <subfield code="0">https://lccn.loc.gov/n50039100 ,</subfield>
  </datafield>
  <datafield tag="245" ind1="1" ind2="0">
    <subfield code="6">880-02</subfield>
    <subfield code="a">Qaḍāʼ Amīr al-Muʼminīn ʻAlī ibn Abī Ṭālib, aw Kitāb ʻAjāʼib aḥkāmahu /</subfield>
    <subfield code="c">bi-riwāyat Muḥammad ibn ʻAlī ibn Ibrāhīm ibn Hāshim al-Qummī ʻan abīhi ʻan jaddihi ; wa-fī-hi baʻḍ al-ziyādāt lil-marḥūm al-maghfūr la-hu Muḥsin al-Ḥusaynī al-Āmilī ; ṣaḥḥaḥahu wa-ʻallaqa ʻalayhi al-ustādh al-Shaykh Muḥammad Riḍā al-Kutubī.</subfield>
  </datafield>
  <datafield tag="246" ind1="3" ind2="0">
    <subfield code="6">880-03</subfield>
    <subfield code="a">Kitāb ʻAjāʼib aḥkām [Amīr al-Muʼminīn ʻAlī ibn Abī Ṭālib]</subfield>
  </datafield>
  <datafield tag="246" ind1="3" ind2="0">
    <subfield code="6">880-04</subfield>
    <subfield code="a">ʻAjāʼib aḥkām [Amīr al-Muʼminīn ʻAlī ibn Abī Ṭālib]</subfield>
  </datafield>
  <datafield tag="264" ind1=" " ind2="1">
    <subfield code="6">880-05</subfield>
    <subfield code="a">al-Najaf al-Ashraf :</subfield>
    <subfield code="b">Maktabat Dār al-Kutub al-Tijārīyah wa-Maṭbaʻatuhā,</subfield>
    <subfield code="c">1372 [H.] = 1953 [M.]</subfield>
  </datafield>
  <datafield tag="300" ind1=" " ind2=" ">
    <subfield code="6">880-06</subfield>
    <subfield code="a">129 pages, 1 unnumbered page of plates :</subfield>
    <subfield code="b">illustrations, frontispiece ;</subfield>
    <subfield code="c">22 cm</subfield>
  </datafield>
  <datafield tag="336" ind1=" " ind2=" ">
    <subfield code="a">text</subfield>
    <subfield code="b">txt</subfield>
    <subfield code="2">rdacontent</subfield>
  </datafield>
  <datafield tag="336" ind1=" " ind2=" ">
    <subfield code="a">still image</subfield>
    <subfield code="b">sti</subfield>
    <subfield code="2">rdacontent</subfield>
  </datafield>
  <datafield tag="337" ind1=" " ind2=" ">
    <subfield code="a">unmediated</subfield>
    <subfield code="b">n</subfield>
    <subfield code="2">rdamedia</subfield>
  </datafield>
  <datafield tag="338" ind1=" " ind2=" ">
    <subfield code="a">volume</subfield>
    <subfield code="b">nc</subfield>
    <subfield code="2">rdacarrier</subfield>
  </datafield>
  <datafield tag="588" ind1=" " ind2=" ">
    <subfield code="a">تاريخ النشر أخذ من الصفحة الثانية التي تسبق صفحة العنوان.</subfield>
  </datafield>
  <datafield tag="600" ind1="0" ind2="4">
    <subfield code="a">علي بن ابي طالب،</subfield>
    <subfield code="c">الخليفة،</subfield>
    <subfield code="d">حوالي 600-661</subfield>
    <subfield code="v">شواهد.</subfield>
  </datafield>
  <datafield tag="600" ind1="0" ind2="0">
    <subfield code="a">ʻAlī ibn Abī Ṭālib,</subfield>
    <subfield code="c">Caliph,</subfield>
    <subfield code="d">approximately 600-661</subfield>
    <subfield code="v">Quotations.</subfield>
  </datafield>
  <datafield tag="650" ind1=" " ind2="4">
    <subfield code="a">الفقه الإسلامي</subfield>
    <subfield code="v">أعمال قديمة حتى 1800.</subfield>
  </datafield>
  <datafield tag="650" ind1=" " ind2="4">
    <subfield code="a">العدالة</subfield>
    <subfield code="v">أعمال قديمة حتى 1800.</subfield>
  </datafield>
  <datafield tag="650" ind1=" " ind2="0">
    <subfield code="a">Islamic law</subfield>
    <subfield code="v">Early works to 1800.</subfield>
  </datafield>
  <datafield tag="650" ind1=" " ind2="0">
    <subfield code="a">Justice</subfield>
    <subfield code="x">Early works to 1800.</subfield>
  </datafield>
  <datafield tag="700" ind1="1" ind2=" ">
    <subfield code="6">880-07</subfield>
    <subfield code="a">Qummī, Muḥammad ibn ʻAlī,</subfield>
    <subfield code="e">narrator.</subfield>
  </datafield>
  <datafield tag="700" ind1="1" ind2=" ">
    <subfield code="6">880-08</subfield>
    <subfield code="a">ʻĀmilī, Muḥsin al-Ḥusaynī,</subfield>
    <subfield code="d">1865-1952.</subfield>
    <subfield code="e">compiler.</subfield>
    <subfield code="0">https://lccn.loc.gov/n79091934 ,</subfield>
  </datafield>
  <datafield tag="700" ind1="1" ind2=" ">
    <subfield code="6">880-09</subfield>
    <subfield code="a">Kutubī, Muḥammad Riḍā,</subfield>
    <subfield code="e">corrector.</subfield>
  </datafield>
  <datafield tag="700" ind1="1" ind2=" ">
    <subfield code="6">880-10</subfield>
    <subfield code="a">Kutubī, Muḥammad Riḍā,</subfield>
    <subfield code="e">commentator for written text.</subfield>
  </datafield>
  <datafield tag="852" ind1=" " ind2=" ">
    <subfield code="a">Jafet Library</subfield>
    <subfield code="e">American University of Beirut, Bliss Street, Beirut, Lebanon.‎</subfield>
  </datafield>
  <datafield tag="880" ind1="1" ind2="0">
    <subfield code="6">245-02/(3/r</subfield>
    <subfield code="a">قضاء أمير المؤمنين علي بن أبي طالب، أو، كتاب عجائب أحكامه /</subfield>
    <subfield code="c">برواية محمد بن علي بن إبراهيم بن هاشم القمي عن أبيه عن جده ؛ وفيه بعض الزيادات للمرحوم المغفور له السيد محسن الحسيني العاملي ؛ صححه وعلق عليه الاستاذ الشيخ محمد رضا الكتبي.</subfield>
  </datafield>
  <datafield tag="880" ind1="0" ind2=" ">
    <subfield code="6">100-01/(3/r</subfield>
    <subfield code="a">علي بن ابي طالب،</subfield>
    <subfield code="c">الخليفة،</subfield>
    <subfield code="d">حوالي 600-661،</subfield>
    <subfield code="0">https://lccn.loc.gov/n50039100 ,</subfield>
    <subfield code="e">مؤلف. </subfield>
    <subfield code="4">aut.</subfield>
  </datafield>
  <datafield tag="880" ind1="3" ind2="0">
    <subfield code="6">246-03/(3/r</subfield>
    <subfield code="a">كتاب عجائب أحكام [أمير المؤمنين علي بن أبي طالب]</subfield>
  </datafield>
  <datafield tag="880" ind1="3" ind2="0">
    <subfield code="6">246-04/(3/r</subfield>
    <subfield code="a">عجائب أحكام [أمير المؤمنين علي بن أبي طالب]</subfield>
  </datafield>
  <datafield tag="880" ind1=" " ind2="1">
    <subfield code="6">264-05/(3/r</subfield>
    <subfield code="a">النجف الأشرف :</subfield>
    <subfield code="b">مكتبة دار الكتب التجارية ومطبعتها،</subfield>
    <subfield code="c">1372 [هـ.] = 1953 [م.]</subfield>
  </datafield>
  <datafield tag="880" ind1=" " ind2=" ">
    <subfield code="6">300-06/(3/r</subfield>
    <subfield code="a">129 صفحة، 1 صفحة لوحات غير مرقمة :</subfield>
    <subfield code="b">مصورات، صورة شخصانية في الواجهة ؛</subfield>
    <subfield code="c">22 سم</subfield>
  </datafield>
  <datafield tag="880" ind1="1" ind2=" ">
    <subfield code="6">700-07/(3/r</subfield>
    <subfield code="a">القمي، محمد بن علي،</subfield>
    <subfield code="e">راوي. </subfield>
    <subfield code="4">nrt.</subfield>
  </datafield>
  <datafield tag="880" ind1="1" ind2=" ">
    <subfield code="6">700-08/(3/r</subfield>
    <subfield code="a">العاملي، محسن الحسيني،</subfield>
    <subfield code="d">1865-1952،</subfield>
    <subfield code="0">https://lccn.loc.gov/n79091934 ,</subfield>
    <subfield code="e">معد. </subfield>
    <subfield code="4">com.</subfield>
  </datafield>
  <datafield tag="880" ind1="1" ind2=" ">
    <subfield code="6">700-09/(3/r</subfield>
    <subfield code="a">الكتبي، محمد رضا،</subfield>
    <subfield code="e">مصحح. </subfield>
    <subfield code="4">crr.</subfield>
  </datafield>
  <datafield tag="880" ind1="1" ind2=" ">
    <subfield code="6">700-10/(3/r</subfield>
    <subfield code="a">الكتبي، محمد رضا،</subfield>
    <subfield code="e">معلق على النص. </subfield>
    <subfield code="4">cwt.</subfield>
  </datafield>
  <datafield tag="907" ind1=" " ind2=" ">
    <subfield code="a">.b12479640</subfield>
    <subfield code="b">19-08-19</subfield>
    <subfield code="c">11-05-24</subfield>
  </datafield>
  <datafield tag="907" ind1=" " ind2=" ">
    <subfield code="a">.b12479640</subfield>
    <subfield code="b">15-10-15</subfield>
    <subfield code="c">11-05-24</subfield>
  </datafield>
  <datafield tag="945" ind1=" " ind2=" ">
    <subfield code="f">J</subfield>
    <subfield code="a">349.297:R54kA</subfield>
    <subfield code="i">01025237</subfield>
    <subfield code="j">.i1296556x</subfield>
    <subfield code="l">u0503</subfield>
  </datafield>
  <datafield tag="998" ind1=" " ind2=" ">
    <subfield code="a">u05</subfield>
    <subfield code="b">97-06-07</subfield>
    <subfield code="c">m</subfield>
    <subfield code="d">a  </subfield>
    <subfield code="e">-</subfield>
    <subfield code="f">ara</subfield>
    <subfield code="g">iq </subfield>
    <subfield code="h">0</subfield>
    <subfield code="i">1</subfield>
  </datafield>
</record>
</collection>
